<record><leader>00000cas a22000007a 4500</leader><controlfield tag="001">9598488</controlfield><controlfield tag="008">830611d19201956ohudn ne      0    0eng d</controlfield><controlfield tag="009">3783</controlfield><datafield ind1=" " ind2=" " tag="010"><subfield code="a">sn 83035206 </subfield></datafield><datafield ind1=" " ind2=" " tag="040"><subfield code="a">NPY</subfield><subfield code="b">eng</subfield><subfield code="c">NPY</subfield><subfield code="d">ONP</subfield><subfield code="d">OCLCQ</subfield></datafield><datafield ind1="1" ind2=" " tag="029"><subfield code="a">AU@</subfield><subfield code="b">000025839906</subfield></datafield><datafield ind1=" " ind2=" " tag="042"><subfield code="a">msc</subfield></datafield><datafield ind1="0" ind2="0" tag="245"><subfield code="a">Ashtabula star-beacon.</subfield></datafield><datafield ind1="3" ind2="0" tag="246"><subfield code="a">Ashtabula star beacon</subfield></datafield><datafield ind1=" " ind2=" " tag="260"><subfield code="a">Ashtabula, Ohio :</subfield><subfield code="b">The Ashtabula Print. Co.,</subfield><subfield code="c">1920-1956.</subfield></datafield><datafield ind1=" " ind2=" " tag="300"><subfield code="a">v.</subfield></datafield><datafield ind1=" " ind2=" " tag="310"><subfield code="a">Daily (except Sun.)</subfield></datafield><datafield ind1="0" ind2=" " tag="362"><subfield code="a">53rd year, no. 9712 (Oct. 13, 1920)-v. 68, no. 40 (Mar. 12, 1956).</subfield></datafield><datafield ind1=" " ind2="4" tag="651"><subfield code="a">Ashtabula (Ohio)</subfield><subfield code="v">Newspapers.</subfield></datafield><datafield ind1=" " ind2="4" tag="651"><subfield code="a">Ashtabula County (Ohio)</subfield><subfield code="v">Newspapers.</subfield></datafield><datafield ind1=" " ind2=" " tag="752"><subfield code="a">United States</subfield><subfield code="b">Ohio</subfield><subfield code="c">Ashtabula</subfield><subfield code="d">Ashtabula.</subfield></datafield><datafield ind1="0" ind2="4" tag="780"><subfield code="t">Star (Ashtabula, Ohio)</subfield><subfield code="w">(DLC)sn 88078577</subfield></datafield><datafield ind1="0" ind2="4" tag="780"><subfield code="t">Ashtabula beacon (Ashtabula, Ohio : 1911)</subfield><subfield code="w">(DLC)sn 83035700</subfield></datafield><datafield ind1="0" ind2="0" tag="785"><subfield code="t">Star-beacon (Ashtabula, Ohio : Evening ed.)</subfield><subfield code="w">(DLC)sn 88078589</subfield></datafield></record>